@book{sedgewick-1996,
	author = {given-i=R., given=Robert, family=Sedgewick and given-i=P., given=Philippe, family=Flajolet},
	date = {1996},
	edition = {01},
	language = {german},
	publisher = {Addison Wesley},
	title = {An Introduction to the Analysis of Algorithms (Psychopharmacology Monograph)},
}
@article{frazer-1970,
	author = {given-i={W. D.}, given={W. D.}, family=Frazer and given-i={A. C.}, given={A. C.}, family=McKellar},
	date = {1970},
	doi = {10.1145/321592.321600},
	journaltitle = {Journal of the ACM},
	language = {german},
	number = {3},
	pages = {496--507},
	title = {Samplesort: A Sampling Approach to Minimal Storage Tree Sorting},
	volume = {17},
}
@article{leischner-2010,
	author = {given-i=N., given=Nikolaj, family=Leischner and given-i=V., given=Vitaly, family=Osipov and given-i=P., given=Peter, family=Sanders},
	date = {2010},
	doi = {10.1109/ipdps.2010.5470444},
	journaltitle = {2010 IEEE International Symposium on Parallel & Distributed Processing (IPDPS)},
	language = {german},
	title = {GPU sample sort},
}